% Encoding: UTF-8

@Misc{spacy,
  author = {{Spacy authors}},
  url    = {https://spacy.io/},
}

@Comment{jabref-meta: databaseType:bibtex;}

@article{bell2020automated,
  title={Automated data extraction from historical city directories: The rise and fall of mid-century gas stations in Providence, RI},
  author={Bell, Samuel and Marlow, Thomas and Wombacher, Kai and Hitt, Anina and Parikh, Neev and Zsom, Andras and Frickel, Scott},
  journal={Plos one},
  volume={15},
  number={8},
  pages={e0220219},
  year={2020},
  publisher={Public Library of Science San Francisco, CA USA}
}

@article{nadeau2007,
  title={A survey of named entity recognition and classification},
  author={Nadeau, D. and Sekine, S.},
  journal={Lingvisticae Investigationes},
  volume={30},
  number={1},
  pages={3-–26},
  year={2007}
}

@article{maurel2011,
  title={Casen : a transducer cascade to recognize french named entities},
  author={Maurel, D. and Friburger, N. and Antoine, J.-Y. and  Eshkol-Taravella, I. and Nouvel, D.},
  journal={TAL},
  volume={52},
  number={1},
  pages={69–96},
  year={2011}
}

@article{mansouri2008,
  title={Named entity recognition approaches},
  author={Mansouri, A. and Affendey, L. S. and Mamat, A.},
  journal={TAL},
  volume={52},
  number={1},
  pages={339–344},
  year={2008}
}

@inproceedings{nouvel2011,
  TITLE = {Recognizing Named Entities using Automatically Extracted Transduction Rules},
  AUTHOR = {Damien, Nouvel and Antoine, Jean-Yves and Friburger, Nathalie and Soulet, Arnaud},
  URL = {https://hal.archives-ouvertes.fr/hal-00664610},
  NOTE = {5 pages},
  BOOKTITLE = {{5th Language and Technology Conference}},
  ADDRESS = {Poznan, Poland},
  PAGES = {136-140},
  YEAR = {2011},
  MONTH = Nov,
  KEYWORDS = {Named Entities Recognition ; Text Mining ; Transduction Rules},
  PDF = {https://hal.archives-ouvertes.fr/hal-00664610/file/ltc_2011_nouvel-al.pdf},
  HAL_ID = {hal-00664610},
  HAL_VERSION = {v1}
}

@ARTICLE{li2020,
  author={Li, Jing and Sun, Aixin and Han, Jianglei and Li, Chenliang},
  journal={IEEE Transactions on Knowledge and Data Engineering}, 
  title={A Survey on Deep Learning for Named Entity Recognition},
  year={2020},
  volume={34},
  number={1},
  pages={50-70},
  doi={10.1109/TKDE.2020.2981314}}
